@Book{Lutz:2006:PP,
  author =       "Mark Lutz",
  title =        "Programming Python",
  publisher =    "O'Reilly",
  year =         "2006",
  ISBN =         "0-596-00925-9",
  ISBN-13 =      "978-0596009250"
}

@Book{Lutz:2007:LP,
  author =       "Mark Lutz",
  title =        "Learning Python",
  publisher =    "O'Reilly",
  year =         "2007",
  ISBN =         "0-596-51398-4",
  ISBN-13 =      "978-0596513986"
}

@Book{Chun:2007:CPP,
  author =       "Wesley Chun",
  title =        "Core Python Programming",
  publisher =    "Prentice Hall International",
  year =         "2007",
  ISBN =         "0-130-26036-3",
  ISBN-13 =      "978-0596513986"
}

